<record><leader>00000cas a2200000 a 4500</leader><controlfield tag="001">11190478</controlfield><controlfield tag="008">840924d18831885ksudr ne      0   a0eng d</controlfield><datafield ind1=" " ind2=" " tag="010"><subfield code="a">sn 84029609 </subfield></datafield><datafield ind1=" " ind2=" " tag="040"><subfield code="a">KSH</subfield><subfield code="b">eng</subfield><subfield code="c">KSH</subfield><subfield code="d">NPT</subfield><subfield code="d">OCL</subfield><subfield code="d">CRL</subfield><subfield code="d">OCLCF</subfield><subfield code="d">OCLCO</subfield></datafield><datafield ind1=" " ind2=" " tag="042"><subfield code="a">msc</subfield></datafield><datafield ind1="0" ind2=" " tag="130"><subfield code="a">Lawrence journal (Lawrence, Kan. : 1883)</subfield></datafield><datafield ind1="0" ind2="4" tag="245"><subfield code="a">The Lawrence journal.</subfield></datafield><datafield ind1=" " ind2=" " tag="260"><subfield code="a">Lawrence, Kan. :</subfield><subfield code="b">Thacher &amp; Webster,</subfield><subfield code="c">1883-1885.</subfield></datafield><datafield ind1=" " ind2=" " tag="300"><subfield code="a">2 v. ;</subfield><subfield code="c">65 cm.</subfield></datafield><datafield ind1=" " ind2=" " tag="310"><subfield code="a">Daily</subfield></datafield><datafield ind1="0" ind2=" " tag="362"><subfield code="a">Vol. 14, no. 212 (Sept. 13, 1883)-v. 16, no. 179 (July 31, 1885).</subfield></datafield><datafield ind1=" " ind2=" " tag="500"><subfield code="a">Published by: W.M. Thacher, Nov. 23, 1884-June 7, 1885; Lawrence Journal Co., &lt;July 8&gt;-July 13, 1885.</subfield></datafield><datafield ind1=" " ind2=" " tag="500"><subfield code="a">Republican.</subfield></datafield><datafield ind1=" " ind2=" " tag="580"><subfield code="a">Issued also in weekly edition called: Western home journal.</subfield></datafield><datafield ind1=" " ind2="0" tag="651"><subfield code="a">Lawrence (Kan.)</subfield><subfield code="v">Newspapers.</subfield></datafield><datafield ind1=" " ind2="7" tag="655"><subfield code="a">Newspapers.</subfield><subfield code="2">fast</subfield><subfield code="0">(OCoLC)fst01423814</subfield></datafield><datafield ind1=" " ind2="7" tag="651"><subfield code="a">Kansas</subfield><subfield code="z">Lawrence.</subfield><subfield code="2">fast</subfield><subfield code="0">(OCoLC)fst01212060</subfield></datafield><datafield ind1=" " ind2=" " tag="752"><subfield code="a">United States</subfield><subfield code="b">Kansas</subfield><subfield code="c">Douglas</subfield><subfield code="d">Lawrence.</subfield></datafield><datafield ind1="1" ind2=" " tag="775"><subfield code="t">Western home journal</subfield><subfield code="w">(OCoLC)8807326</subfield></datafield><datafield ind1="0" ind2="0" tag="780"><subfield code="t">Lawrence daily journal and daily Kansas tribune</subfield><subfield code="w">(DLC)sn 84029608</subfield><subfield code="w">(OCoLC)11190410</subfield></datafield><datafield ind1="0" ind2="0" tag="785"><subfield code="t">Lawrence daily journal</subfield><subfield code="w">(DLC)sn 84029603</subfield><subfield code="w">(OCoLC)11190527</subfield></datafield></record>